<record xmlns='http://www.loc.gov/MARC21/slim'><leader>01553cem a2200433 i 4500</leader><controlfield tag='001'>a10838962</controlfield><controlfield tag='003'>SIRSI</controlfield><controlfield tag='005'>20150628003001.0</controlfield><controlfield tag='007'>ad canzn</controlfield><controlfield tag='008'>150115t20152015fr        e     1   fre  </controlfield><datafield ind1=' ' ind2=' ' tag='010'><subfield code='a'>  2015588552</subfield></datafield><datafield ind1=' ' ind2=' ' tag='020'><subfield code='a'>9782746735842 (hbk.)</subfield></datafield><datafield ind1=' ' ind2=' ' tag='020'><subfield code='a'>2746735849 (hbk.)</subfield></datafield><datafield ind1=' ' ind2=' ' tag='040'><subfield code='a'>DLC</subfield><subfield code='b'>eng</subfield><subfield code='e'>rda</subfield><subfield code='c'>DLC</subfield><subfield code='d'>OCLCO</subfield><subfield code='d'>UtOrBLW</subfield></datafield><datafield ind1=' ' ind2=' ' tag='042'><subfield code='a'>pcc</subfield></datafield><datafield ind1='0' ind2='0' tag='050'><subfield code='a'>G1046.E1</subfield><subfield code='b'>M3 2015</subfield></datafield><datafield ind1=' ' ind2=' ' tag='052'><subfield code='a'>3201</subfield></datafield><datafield ind1='0' ind2='0' tag='082'><subfield code='a'>912</subfield><subfield code='2'>23</subfield></datafield><datafield ind1='1' ind2=' ' tag='100'><subfield code='a'>Marin, Cécile.</subfield><subfield code=' '>^A1658232</subfield></datafield><datafield ind1='1' ind2='0' tag='245'><subfield code='a'>Atlas mondial des femmes :</subfield><subfield code='b'>les paradoxes de l&apos;émancipation /</subfield><subfield code='c'>sous la direction de Isabelle Attané, Carole Brugeilles, Wilfried Rault ; cartographie, Cécile Marin.</subfield></datafield><datafield ind1=' ' ind2=' ' tag='255'><subfield code='a'>Scales differ.</subfield></datafield><datafield ind1=' ' ind2='1' tag='264'><subfield code='a'>Paris :</subfield><subfield code='b'>Éditions Autrement,</subfield><subfield code='c'>[2015]</subfield></datafield><datafield ind1=' ' ind2='4' tag='264'><subfield code='c'>©2015</subfield></datafield><datafield ind1=' ' ind2=' ' tag='300'><subfield code='a'>1 atlas (96 pages) :</subfield><subfield code='b'>color illustrations, color maps ;</subfield><subfield code='c'>25 cm.</subfield></datafield><datafield ind1=' ' ind2=' ' tag='336'><subfield code='a'>cartographic image</subfield><subfield code='b'>cri</subfield><subfield code='2'>rdacontent</subfield></datafield><datafield ind1=' ' ind2=' ' tag='337'><subfield code='a'>unmediated</subfield><subfield code='2'>rdamedia</subfield></datafield><datafield ind1=' ' ind2=' ' tag='338'><subfield code='a'>volume</subfield><subfield code='2'>rdacarrier</subfield></datafield><datafield ind1='1' ind2=' ' tag='490'><subfield code='a'>Collection Atlas-monde,</subfield><subfield code='x'>1272-0151</subfield></datafield><datafield ind1=' ' ind2=' ' tag='504'><subfield code='a'>Includes bibliographical references (pages 90-93).</subfield></datafield><datafield ind1=' ' ind2='0' tag='650'><subfield code='a'>Women</subfield><subfield code='v'>Maps.</subfield><subfield code=' '>^A1075472</subfield></datafield><datafield ind1=' ' ind2='7' tag='655'><subfield code='a'>World atlases.</subfield><subfield code='2'>lcgft</subfield><subfield code=' '>^A2950826</subfield></datafield><datafield ind1='1' ind2=' ' tag='700'><subfield code='a'>Attané, Isabelle.</subfield><subfield code=' '>^A2510855</subfield></datafield><datafield ind1='1' ind2=' ' tag='700'><subfield code='a'>Brugeilles, Carole.</subfield><subfield code=' '>^A2588720</subfield></datafield><datafield ind1='1' ind2=' ' tag='700'><subfield code='a'>Rault, Wilfried.</subfield><subfield code=' '>^A2421119</subfield></datafield><datafield ind1=' ' ind2='0' tag='830'><subfield code='a'>Collection Atlas/monde.</subfield><subfield code=' '>^A1584008</subfield></datafield><datafield ind1=' ' ind2=' ' tag='994'><subfield code='a'>Z0</subfield><subfield code='b'>STF</subfield></datafield><datafield ind1=' ' ind2=' ' tag='035'><subfield code='a'>(OCoLC-M)905954594</subfield></datafield><datafield ind1=' ' ind2=' ' tag='596'><subfield code='a'>1</subfield></datafield><datafield ind1=' ' ind2=' ' tag='999'><subfield code='a'>G1046 .E1 A85 2014</subfield><subfield code='w'>LC</subfield><subfield code='c'>1</subfield><subfield code='i'>36105224437827</subfield><subfield code='d'>6/23/2015</subfield><subfield code='e'>6/18/2015</subfield><subfield code='l'>STACKS</subfield><subfield code='m'>GREEN</subfield><subfield code='r'>Y</subfield><subfield code='s'>Y</subfield><subfield code='t'>STKS-MONO</subfield><subfield code='u'>5/18/2015</subfield></datafield></record>